<?xml version="1.0" encoding="UTF-8"?><collection xmlns="http://www.loc.gov/MARC21/slim"><record><leader>00354nam--2200121-i-4500</leader><controlfield tag="001">000001231</controlfield><controlfield tag="002">20161230</controlfield><controlfield tag="005">20161230201024</controlfield><controlfield tag="008">060222s1000------------r-----000-0-eng-d</controlfield><datafield ind1=" " ind2=" " tag="100"><subfield code="a">Herforth, L., Koch H</subfield></datafield><datafield ind1=" " ind2=" " tag="245"><subfield code="a">Fur den isotopenkurs im institut fur angewandte radioaktivitat</subfield></datafield><datafield ind1=" " ind2=" " tag="260"><subfield code="a">Berlin, Veb Deutscher Verlag Der Wiss., 1957. 209 P</subfield></datafield><datafield ind1=" " ind2=" " tag="852"><subfield code="a">6586</subfield></datafield></record></collection>